<?xml version="1.0" encoding="UTF-8"?><record xmlns="http://www.loc.gov/MARC21/slim" xmlns:cinclude="http://apache.org/cocoon/include/1.0" xmlns:zs="http://www.loc.gov/zing/srw/">
  <leader>00377cz  a2200133n  4500</leader>
  <controlfield tag="001">n  91075345 </controlfield>
  <controlfield tag="003">DLC</controlfield>
  <controlfield tag="005">19910729174450.5</controlfield>
  <controlfield tag="008">910729n| acannaab|          |n aaa |||  </controlfield>
  <datafield tag="010" ind1=" " ind2=" ">
    <subfield code="a">n  91075345 </subfield>
  </datafield>
  <datafield tag="040" ind1=" " ind2=" ">
    <subfield code="a">DLC</subfield>
    <subfield code="c">DLC</subfield>
    <subfield code="d">DLC</subfield>
  </datafield>
  <datafield tag="100" ind1="1" ind2="0">
    <subfield code="a">Woodrow, Alain</subfield>
  </datafield>
  <datafield tag="670" ind1=" " ind2=" ">
    <subfield code="a">His Information, manipulation, 1991:</subfield>
    <subfield code="b">t.p. (Alain Woodrow)</subfield>
  </datafield>
  <datafield tag="670" ind1=" " ind2=" ">
    <subfield code="a">LC data base, 07-29-91</subfield>
    <subfield code="b">(hdg.: Woodrow, Alain)</subfield>
  </datafield>
</record>